<collection xmlns="http://www.loc.gov/MARC21/slim">
<record>
  <leader>01061nam0a22002291i 450 </leader>
  <controlfield tag="001">IT\ICCU\CNCE\057469</controlfield>
  <controlfield tag="005">20040416000000.0</controlfield>
  <datafield tag="012" ind1=" " ind2=" ">
    <subfield code="a">o-ue a-a- e-es ystr (3) 1600 (R)</subfield>
    <subfield code="2">fei</subfield>
  </datafield>
  <datafield tag="100" ind1=" " ind2=" ">
    <subfield code="a">20040416d1600        0itac0103    ba</subfield>
  </datafield>
  <datafield tag="101" ind1=" " ind2=" ">
    <subfield code="a">SPA</subfield>
  </datafield>
  <datafield tag="102" ind1=" " ind2=" ">
    <subfield code="a">IT</subfield>
  </datafield>
  <datafield tag="200" ind1="1" ind2=" ">
    <subfield code="a">Dos platicas hechas a sacerdotes. Por el p.m. Iuan de Auila predicador del Andaluzia. Y un razonamiento de Nuestra Seǫra buelto de latin en romance castellano</subfield>
  </datafield>
  <datafield tag="210" ind1=" " ind2=" ">
    <subfield code="a">En Roma</subfield>
    <subfield code="c">por Esteuan Pablino</subfield>
    <subfield code="d">1600</subfield>
    <subfield code="e">En Roma</subfield>
    <subfield code="g">en casa de Esteuan Pablino</subfield>
    <subfield code="h">aǫ del Iubileo 1600</subfield>
  </datafield>
  <datafield tag="215" ind1=" " ind2=" ">
    <subfield code="a">50 \i.e. 46!, \2! p.</subfield>
    <subfield code="d">8ʻ</subfield>
  </datafield>
  <datafield tag="620" ind1=" " ind2=" ">
    <subfield code="a">IT</subfield>
    <subfield code="d">Roma</subfield>
  </datafield>
  <datafield tag="700" ind1=" " ind2="1">
    <subfield code="a">Avila,</subfield>
    <subfield code="b">Juan : de</subfield>
    <subfield code="3">IT\ICCU\CNCA\000990</subfield>
  </datafield>
  <datafield tag="712" ind1="0" ind2="0">
    <subfield code="a">Paolini, Stefano</subfield>
    <subfield code="c"> &lt;2.&gt;</subfield>
    <subfield code="3">IT\ICCU\CNCT\000309</subfield>
    <subfield code="4">650</subfield>
  </datafield>
  <datafield tag="791" ind1="0" ind2="0">
    <subfield code="a">Paulinus, Stephanus</subfield>
    <subfield code="3">IT\ICCU\CNCT\002463</subfield>
    <subfield code="z">Paolini, Stefano &lt;2.&gt;</subfield>
  </datafield>
  <datafield tag="791" ind1="0" ind2="0">
    <subfield code="a">Pablino, Estevan</subfield>
    <subfield code="3">IT\ICCU\CNCT\002464</subfield>
    <subfield code="z">Paolini, Stefano &lt;2.&gt;</subfield>
  </datafield>
  <datafield tag="791" ind1="0" ind2="0">
    <subfield code="a">Paulini, Stefano de</subfield>
    <subfield code="3">IT\ICCU\CNCT\005271</subfield>
    <subfield code="z">Paolini, Stefano &lt;2.&gt;</subfield>
  </datafield>
  <datafield tag="801" ind1=" " ind2="3">
    <subfield code="a">IT</subfield>
    <subfield code="b">ICCU</subfield>
    <subfield code="c">20201115</subfield>
  </datafield>
  <datafield tag="899" ind1=" " ind2=" ">
    <subfield code="a">Biblioteca Apostolica Vaticana. Citt ̉del Vaticano</subfield>
    <subfield code="1">EX0001</subfield>
    <subfield code="2">ZCV 01</subfield>
  </datafield>
</record>
</collection>
